
@inproceedings{khuri1994evolutionary,
  title={An evolutionary heuristic for the minimum vertex cover problem},
  author={Khuri, Sami and B{\"a}ck, Thomas},
  booktitle={Genetic Algorithms within the Framework of Evolutionary Computation--Proc. of the KI-94 Workshop},
  pages={86--90},
  year={1994},
  organization={Saarbr{\"u}cken, Germany}
}

@inproceedings{back1994evolutionary,
  title={An evolutionary heuristic for the maximum independent set problem},
  author={Back, Thomas and Khuri, Sami},
  booktitle={Evolutionary Computation, 1994. IEEE World Congress on Computational Intelligence., Proceedings of the First IEEE Conference on},
  pages={531--535},
  year={1994},
  organization={IEEE}
}

@book{coley1999introduction,
  title={An Introduction to Genetic Algorithms for Scientists and Engineers},
  author={Coley, D.A.},
  isbn={9789810236021},
  url={https://books.google.com/books?id=-D568prVv0QC},
  year={1999},
  publisher={World Scientific}
}

@book{goldberg1989genetic,
  title={Genetic Algorithms in Search, Optimization, and Machine Learning},
  author={Goldberg, D.E.},
  isbn={9780201157673},
  lccn={lc88006276},
  series={Artificial Intelligence},
  url={https://books.google.com/books?id=3\_RQAAAAMAAJ},
  year={1989},
  publisher={Addison-Wesley Publishing Company}
}

@article{einstein,
  author =       "Albert Einstein",
  title =        "{Zur Elektrodynamik bewegter K{\"o}rper}. ({German})
                 [{On} the electrodynamics of moving bodies]",
  journal =      "Annalen der Physik",
  volume =       "322",
  number =       "10",
  pages =        "891--921",
  year =         "1905",
  DOI =          "http://dx.doi.org/10.1002/andp.19053221004",
  keywords =     "physics"
}

@book{dirac,
  title={The Principles of Quantum Mechanics},
  author={Paul Adrien Maurice Dirac},
  isbn={9780198520115},
  series={International series of monographs on physics},
  year={1981},
  publisher={Clarendon Press},
  keywords = {physics}
}

@book{latexcompanion,
    author    = "Michel Goossens and Frank Mittelbach and Alexander Samarin",
    title     = "The \LaTeX\ Companion",
    year      = "1993",
    publisher = "Addison-Wesley",
    address   = "Reading, Massachusetts",
    keywords  = "latex"
}
 
@online{knuthwebsite,
    author    = "Donald Knuth",
    title     = "Knuth: Computers and Typesetting",
    url       = "http://www-cs-faculty.stanford.edu/~uno/abcde.html",
    addendum = "(accessed: 01.09.2016)",
    keywords  = "latex,knuth"
}

@inbook{knuth-fa,
   author = "Donald E. Knuth",
   title = "Fundamental Algorithms",
   publisher = "Addison-Wesley",
   year = "1973",
   chapter = "1.2",
   keywords  = "knuth,programming"
}

@book{knuth-acp,
   author = "Donald E. Knuth",
   publisher = "Addison-Wesley",
   title = "The Art of Computer Programming",
   series = "Four volumes",
   year = "1968",
   note = "Seven volumes planned",
   keywords  = "knuth,programming"
}

@article{ctan,
    author  = "George D. Greenwade",
    title   = "The {C}omprehensive {T}ex {A}rchive {N}etwork ({CTAN})",
    year    = "1993",
    journal = "TUGBoat",
    volume  = "14",
    number  = "3",
    pages   = "342--351",
    keywords  = "latex"
}
